<?xml version="1.0" encoding="UTF-8"?><record xmlns="http://www.loc.gov/MARC21/slim" xmlns:cinclude="http://apache.org/cocoon/include/1.0" xmlns:zs="http://www.loc.gov/zing/srw/">
  <leader>00448cz  a2200145n  4500</leader>
  <controlfield tag="001">n  85202464 </controlfield>
  <controlfield tag="003">DLC</controlfield>
  <controlfield tag="005">20081120081349.0</controlfield>
  <controlfield tag="008">851216n| acannaabn          |a aaa     c</controlfield>
  <datafield tag="010" ind1=" " ind2=" ">
    <subfield code="a">n  85202464 </subfield>
  </datafield>
  <datafield tag="035" ind1=" " ind2=" ">
    <subfield code="a">(OCoLC)oca01509473</subfield>
  </datafield>
  <datafield tag="040" ind1=" " ind2=" ">
    <subfield code="a">CU</subfield>
    <subfield code="b">eng</subfield>
    <subfield code="c">DLC</subfield>
    <subfield code="d">OCoLC</subfield>
  </datafield>
  <datafield tag="100" ind1="0" ind2=" ">
    <subfield code="a">Kankonde Mukadi</subfield>
  </datafield>
  <datafield tag="400" ind1="1" ind2=" ">
    <subfield code="a">Mukadi, Kankonde</subfield>
  </datafield>
  <datafield tag="670" ind1=" " ind2=" ">
    <subfield code="a">His Approches d'analyse e휍혖conomique des projets agricoles de de휍혖veloppement rural ... 1985:</subfield>
    <subfield code="b">t.p. (Kankonde Mukadi)</subfield>
  </datafield>
</record>